<?xml version="1.0" encoding="UTF-8"?><collection xmlns="http://www.loc.gov/MARC21/slim"><record><leader>00505nam--2200193-i-4500</leader><controlfield tag="001">000020179</controlfield><controlfield tag="002">20161230</controlfield><controlfield tag="005">20161230201033</controlfield><controlfield tag="008">060222s1000------------r-----000-0-rum-d</controlfield><datafield ind1=" " ind2=" " tag="040"><subfield code="a">IFIN-HH</subfield></datafield><datafield ind1=" " ind2=" " tag="041"><subfield code="a">rum</subfield></datafield><datafield ind1=" " ind2=" " tag="080"><subfield code="a">621.391</subfield></datafield><datafield ind1="1" ind2=" " tag="100"><subfield code="a">Constantinescu, I</subfield></datafield><datafield ind1="1" ind2="0" tag="245"><subfield code="a">Teoria informatiei</subfield><subfield code="c">I. constantinescu, s. condrea, ed. nicolau</subfield></datafield><datafield ind1=" " ind2=" " tag="260"><subfield code="a">Bucuresti</subfield><subfield code="b">Editura Tehnica</subfield><subfield code="c">1958</subfield></datafield><datafield ind1=" " ind2=" " tag="300"><subfield code="a">210P. + ERATA</subfield></datafield><datafield ind1="1" ind2=" " tag="700"><subfield code="a">Nicolau, Ed</subfield></datafield><datafield ind1=" " ind2=" " tag="852"><subfield code="a">5345</subfield><subfield code="c">621.391</subfield></datafield><datafield ind1=" " ind2=" " tag="CAT"><subfield code="a">Sys</subfield><subfield code="c">20150216</subfield><subfield code="h">210447</subfield></datafield></record></collection>